@article{CodenottiPR00,
  author       = {Bruno Codenotti and
                  Pavel Pudl{\'{a}}k and
                  Giovanni Resta},
  title        = {Some structural properties of low-rank matrices related to computational
                  complexity},
  journal      = {Theor. Comput. Sci.},
  volume       = {235},
  number       = {1},
  pages        = {89--107},
  year         = {2000},
  url          = {https://doi.org/10.1016/S0304-3975(99)00185-1},
  doi          = {10.1016/S0304-3975(99)00185-1},
  timestamp    = {Sun, 02 Oct 2022 15:50:30 +0200},
  biburl       = {https://dblp.org/rec/journals/tcs/CodenottiPR00.bib},
  bibsource    = {dblp computer science bibliography, https://dblp.org}
}

@article{Alon94,
  author       = {Noga Alon},
  title        = {Explicit Ramsey graphs and orthonormal labelings},
  journal      = {Electron. J. Comb.},
  volume       = {1},
  year         = {1994},
  url          = {https://doi.org/10.37236/1192},
  doi          = {10.37236/1192},
  timestamp    = {Tue, 16 Aug 2022 23:05:09 +0200},
  biburl       = {https://dblp.org/rec/journals/combinatorics/Alon94.bib},
  bibsource    = {dblp computer science bibliography, https://dblp.org}
}